@book{ref_1,
    author = "Juan Paciente",
    title = "Civil Engineering and its Historical Footprints",
    year = "2012",
    edition = "4th",
    publisher = "{Pablo and Sons}, PTE, LTD",
}

@article{ref_2,
    title = "The Impact of Civil Engineering to 21st Century Economics in General Santos City",
    author = "Trinidad Soler",
    journal = "The Philippine Modern Society",
    volume = "21",
    number = "4",
    pages = "42--49",
    year = "2019",
}

@misc{ref_3,
    author = "{Wikipedia Contributors}",
    title = "Civil engineering --- {Wikipedia}{,} The Free Encyclopedia",
    year = "2025",
    url = "https://en.wikipedia.org/w/index.php?title=Civil_engineering&oldid=1312859585",
    note = "[Online; accessed 30-September-2025]"
}
