@book{gioncu_earthquake_2011,
  title     = "Earthquake Engineering for Structural Design",
  isbn      = "978-0-415-46533-5",
  pagetotal = "566",
  publisher = "Spon Press",
  author    = "Victor Gioncu and Federico M. Mazzolani",
  date      = "2011",
}
